<?xml version="1.0" encoding="UTF-8"?><collection xmlns="http://www.loc.gov/MARC21/slim"><record><leader>00520nam--2200193-i-4500</leader><controlfield tag="001">000049873</controlfield><controlfield tag="002">20161230</controlfield><controlfield tag="005">20161230201047</controlfield><controlfield tag="008">060222s1000------------r-----000-0-rus-d</controlfield><datafield ind1=" " ind2=" " tag="040"><subfield code="a">IFIN-HH</subfield></datafield><datafield ind1=" " ind2=" " tag="041"><subfield code="a">rus</subfield></datafield><datafield ind1=" " ind2=" " tag="080"><subfield code="a">621.785</subfield></datafield><datafield ind1="1" ind2=" " tag="100"><subfield code="a">Babad-zahriapin,A.A</subfield></datafield><datafield ind1="1" ind2="0" tag="245"><subfield code="a">Ximiko-termicheskaia obrabotka v tleiushchem razriade</subfield><subfield code="c">A.a. babad-zahriapin, g.d. kuznetov</subfield></datafield><datafield ind1=" " ind2=" " tag="260"><subfield code="a">Moskva</subfield><subfield code="b">Atomizdat</subfield><subfield code="c">1975</subfield></datafield><datafield ind1=" " ind2=" " tag="300"><subfield code="a">176 S</subfield></datafield><datafield ind1="1" ind2=" " tag="700"><subfield code="a">Kuznetov, G.D</subfield></datafield><datafield ind1=" " ind2=" " tag="852"><subfield code="a">75047</subfield><subfield code="c">537.52</subfield></datafield><datafield ind1=" " ind2=" " tag="CAT"><subfield code="a">Sys</subfield><subfield code="c">20110804</subfield><subfield code="h">145719</subfield></datafield></record></collection>